@article{jha2014,
  title={Shade coffee: A sustainability paradox?},
  author={Jha, Shalene and Bacon, Christopher M and Philpott, Stacy M and Rice, Robert A and M{\'e}ndez, V Ernesto and L{\"a}derach, Peter},
  journal={Global Environmental Change},
  volume={23},
  number={2},
  pages={233--243},
  year={2014},
  publisher={Elsevier}
}

@article{gonzalez2019,
  title={Coffee production and international trade: A case of volatility and global dynamics},
  author={Gonz{\'a}lez-P{\'e}rez, Maria Alejandra and Otero-Iglesias, Miguel},
  journal={Business and Society Review},
  volume={123},
  number={4},
  pages={23--41},
  year={2019},
  publisher={Wiley Online Library}
}

@book{daviron2005,
  title={The coffee paradox: Global markets, commodity trade and the elusive promise of development},
  author={Daviron, Beno{\^i}t and Ponte, Stefano},
  year={2005},
  publisher={Zed Books}
}

@book{samuelson2010,
  title={Economics},
  author={Samuelson, Paul A and Nordhaus, William D},
  year={2010},
  publisher={McGraw-Hill Education}
}

@book{varian2014,
  title={Intermediate microeconomics: A modern approach},
  author={Varian, Hal R},
  year={2014},
  publisher={W.W. Norton \& Company}
}

@book{nicholson2017,
  title={Microeconomic theory: Basic principles and extensions},
  author={Nicholson, Walter and Snyder, Christopher},
  year={2017},
  publisher={Cengage Learning}
}

@book{mas2018,
  title={Microeconomic theory},
  author={Mas-Colell, Andreu and Whinston, Michael D and Green, Jerry R},
  year={2018},
  publisher={Oxford University Press}
}

@book{chiang2005,
  title={Fundamental methods of mathematical economics},
  author={Chiang, Alpha C and Wainwright, Kevin},
  year={2005},
  publisher={McGraw-Hill}
}

@book{sydsaeter2014,
  title={Essential mathematics for economic analysis},
  author={Syds{\ae}ter, Knut and Hammond, Peter and Str{\"o}m, Arne and Carvajal, Andr{\'e}s},
  year={2014},
  publisher={Pearson}
}

@book{stewart2012,
  title={Calculus: Early transcendentals},
  author={Stewart, James},
  year={2012},
  publisher={Cengage Learning}
}

@book{anton2013,
  title={Calculus with analytic geometry},
  author={Anton, Howard and Bivens, Irl and Davis, Stephen},
  year={2013},
  publisher={John Wiley \& Sons}
}

@article{fischer2020,
  title={Agricultural markets and their regional dynamics},
  author={Fischer, Roland and Torny, David and Veira, Sofia},
  journal={Journal of Agrarian Economics},
  volume={12},
  number={1},
  pages={45--58},
  year={2020},
  publisher={Wiley Online Library}
}

@book{marshall1890,
  title={Principles of Economics},
  author={Marshall, Alfred},
  year={1890},
  publisher={Macmillan}
}

@article{bacon2015,
  title={Explaining the 'hungry farmer paradox': Smallholders and fair trade cooperatives navigate seasonality and change in Nicaragua's corn and coffee markets},
  author={Bacon, Christopher M and Sundstrom, William A and Flores Gómez, María Eugenia and Ernesto Méndez, V and Santos, Rica and Goldoftas, Barbara and Dougherty, Ian},
  journal={Global Environmental Change},
  volume={33},
  pages={153--170},
  year={2015},
  publisher={Elsevier}
}

@article{rueda2018,
  title={Towards a dynamic integrated approach to study agricultural supply chains: The case of small coffee farmers in Colombia},
  author={Rueda, Ximena and Garrett, Rachael D and Lambin, Eric F},
  journal={Agricultural Systems},
  volume={162},
  pages={68--78},
  year={2018},
  publisher={Elsevier}
}

@book{creswell2014,
  title={Research design: Qualitative, quantitative, and mixed methods approaches},
  author={Creswell, John W},
  year={2014},
  publisher={Sage publications}
}

@book{hernandez2014,
  title={Metodología de la investigación},
  author={Hernández Sampieri, Roberto and Fernández Collado, Carlos and Baptista Lucio, Pilar},
  year={2014},
  publisher={McGraw-Hill Education}
}

@book{yin2017,
  title={Case study research and applications: Design and methods},
  author={Yin, Robert K},
  year={2017},
  publisher={Sage publications}
}

@book{tukey1977,
  title={Exploratory data analysis},
  author={Tukey, John W},
  volume={2},
  year={1977},
  publisher={Reading, Mass.}
}

@book{wooldridge2010,
  title={Econometric analysis of cross section and panel data},
  author={Wooldridge, Jeffrey M},
  year={2010},
  publisher={MIT press}
}

@book{greene2018,
  title={Econometric analysis},
  author={Greene, William H},
  year={2018},
  publisher={Pearson}
}

@article{metropolis1949,
  title={The monte carlo method},
  author={Metropolis, Nicholas and Ulam, Stanislaw},
  journal={Journal of the American statistical association},
  volume={44},
  number={247},
  pages={335--341},
  year={1949},
  publisher={Taylor \& Francis}
}

@book{just2004,
  title={The welfare economics of public policy: a practical approach to project and policy evaluation},
  author={Just, Richard E and Hueth, Darrell L and Schmitz, Andrew},
  year={2004},
  publisher={Edward Elgar Publishing}
}

@article{stone1974,
  title={Cross-validatory choice and assessment of statistical predictions},
  author={Stone, Mervyn},
  journal={Journal of the royal statistical society: Series B (Methodological)},
  volume={36},
  number={2},
  pages={111--133},
  year={1974},
  publisher={Wiley Online Library}
}

@article{white1980,
  title={A heteroskedasticity-consistent covariance matrix estimator and a direct test for heteroskedasticity},
  author={White, Halbert},
  journal={Econometrica: journal of the Econometric Society},
  pages={817--838},
  year={1980},
  publisher={JSTOR}
}