@book{tavara2020,
  author    = {Távara, José},
  title     = {Cambios en la estructura productiva peruana},
  year      = {2020},
  publisher = {PUCP}
}

 @article{cespedes2019,
  author  = {Céspedes, Nikita},
  title   = {Productividad y transformación productiva en el Perú},
  journal = {Revista Estudios Económicos},
  year    = {2019},
  volume  = {37},
  pages   = {9-32}
}

 @article{jimenez2021,
  author  = {Jiménez, Félix},
  title   = {Transformación productiva y desarrollo industrial en el Perú},
  journal = {Economía},
  year    = {2021},
  volume  = {44},
  number  = {87},
  pages   = {9-45}
}

 @book{vera2018,
  author    = {Vera, Rafael},
  title     = {La estructura productiva y el crecimiento económico en el Perú},
  year      = {2018},
  publisher = {Universidad del Pacífico}
}

 @article{gonzales2019,
  author  = {Gonzales de Olarte, Efraín},
  title   = {Heterogeneidad estructural y desarrollo regional en el Perú},
  journal = {Investigación Económica},
  year    = {2019},
  volume  = {78},
  number  = {310},
  pages   = {137-163}
}

 @book{torres2021,
  author    = {Torres, Jorge},
  title     = {Competitividad empresarial en el Perú},
  year      = {2021},
  publisher = {CENTRUM PUCP}
}

 @article{ramirez2020,
  author  = {Ramírez, Miguel},
  title   = {Gestión empresarial y competitividad en el Perú},
  journal = {Journal of Business},
  year    = {2020},
  volume  = {12},
  number  = {1},
  pages   = {41-62}
}

 @article{villarreal2019,
  author  = {Villarreal, Percy},
  title   = {Informalidad y productividad en la economía peruana},
  journal = {Revista de Análisis Económico},
  year    = {2019},
  volume  = {34},
  number  = {2},
  pages   = {76-95}
}

 @book{kuramoto2018,
  author    = {Kuramoto, Juana},
  title     = {La innovación tecnológica en el sector productivo peruano},
  year      = {2018},
  publisher = {GRADE}
}

 @article{sagasti2020,
  author  = {Sagasti, Francisco},
  title   = {Ciencia, tecnología e innovación en el Perú},
  journal = {Revista de la CEPAL},
  year    = {2020},
  volume  = {130},
  pages   = {97-125}
}

 @article{peters2021,
  author  = {Peters, Shane},
  title   = {Barreras a la innovación en países en desarrollo: el caso peruano},
  journal = {Desarrollo y Sociedad},
  year    = {2021},
  volume  = {87},
  pages   = {67-99}
}

 @book{martinez2020,
  author    = {Martínez, Juan José},
  title     = {Innovación y desarrollo tecnológico en el Perú},
  year      = {2020},
  publisher = {Fondo Editorial UNMSM}
}

 @article{loayza2019,
  author  = {Loayza, Norman},
  title   = {La productividad como clave del crecimiento y el desarrollo: el caso peruano},
  journal = {Revista Estudios Económicos},
  year    = {2019},
  volume  = {38},
  pages   = {9-28}
}


 @article{santa_cruz2021,
  author  = {Santa Cruz, Francisco},
  title   = {Evolución del comercio exterior peruano en el siglo XXI},
  journal = {Revista de Economía},
  year    = {2021},
  volume  = {44},
  number  = {87},
  pages   = {45-72}
}

 @book{rodriguez2019,
  author    = {Rodríguez, Martha},
  title     = {Política comercial y desarrollo en el Perú},
  year      = {2019},
  publisher = {Universidad del Pacífico}
}

 @article{tello2018,
  author  = {Tello, Mario D.},
  title   = {Comercio internacional, crecimiento y desarrollo en el Perú},
  journal = {Economía},
  year    = {2018},
  volume  = {41},
  number  = {81},
  pages   = {9-40}
}

 @article{mendoza2017,
  author  = {Mendoza, Waldo and Florian, David},
  title   = {La política comercial peruana en los últimos quince años},
  journal = {Economía y Sociedad},
  year    = {2017},
  volume  = {91},
  pages   = {15-23}
}

 @book{torres2020,
  author    = {Torres, Jorge},
  title     = {El Perú y el comercio internacional},
  year      = {2020},
  publisher = {PUCP}
}

 @article{leon2019,
  author  = {León, Janina},
  title   = {Determinantes de las exportaciones no tradicionales en el Perú 2000-2019},
  journal = {Pensamiento Crítico},
  year    = {2019},
  volume  = {24},
  number  = {2},
  pages   = {41-64}
}

 @book{ferrero2018,
  author    = {Ferrero, Alfredo},
  title     = {Historia de los tratados de libre comercio en el Perú},
  year      = {2018},
  publisher = {PUCP}
}

 @article{novak2019,
  author  = {Novak, Fabián and Namihas, Sandra},
  title   = {Los acuerdos comerciales del Perú: estrategia de integración comercial},
  journal = {Agenda Internacional},
  year    = {2019},
  volume  = {26},
  number  = {37},
  pages   = {89-117}
}

 @book{garcia_belaunde2020,
  author    = {García Belaunde, José Antonio},
  title     = {Política exterior y acuerdos comerciales del Perú},
  year      = {2020},
  publisher = {Fondo Editorial del Congreso}
}

 @article{morales2021,
  author  = {Morales, Oswaldo},
  title   = {Impacto de los TLC en la economía peruana},
  journal = {Análisis Económico},
  year    = {2021},
  volume  = {5},
  pages   = {78-96}
}

 @article{vasquez2018,
  author  = {Vásquez, Enrique},
  title   = {Estrategias de diversificación exportadora en el Perú},
  journal = {Moneda},
  year    = {2018},
  volume  = {175},
  pages   = {24-28}
}

 @book{alarco2021,
  author    = {Alarco, Germán},
  title     = {Diversificación productiva en el Perú},
  year      = {2021},
  publisher = {CEPAL}
}

 @article{fairlie2020,
  author  = {Fairlie, Alan},
  title   = {Desafíos de la política comercial peruana},
  journal = {Investigación Económica},
  year    = {2020},
  volume  = {79},
  number  = {314},
  pages   = {127-156}
}

 @article{lopez2019,
  author  = {López, Luis},
  title   = {Análisis sectorial del comercio exterior peruano},
  journal = {Estudios Económicos},
  year    = {2019},
  volume  = {38},
  pages   = {9-34}
}

 @book{sanchez2020,
  author    = {Sánchez, Fernando},
  title     = {Sectores exportadores y cambio estructural en el Perú},
  year      = {2020},
  publisher = {GRADE}
}

 @book{held2000,
  author    = {Held, David and McGrew, Anthony},
  title     = {The Global Transformations Reader},
  year      = {2000},
  publisher = {Polity Press}
}

 @book{robertson2003,
  author    = {Robertson, Roland},
  title     = {The Three Waves of Globalization},
  year      = {2003},
  publisher = {Zed Books}
}

 @book{krugman2018,
  author    = {Krugman, Paul},
  title     = {International Economics: Theory and Policy},
  year      = {2018},
  publisher = {Pearson}
}

 @book{sassen2007,
  author    = {Sassen, Saskia},
  title     = {A Sociology of Globalization},
  year      = {2007},
  publisher = {W.W. Norton}
}

 @book{castells2010,
  author    = {Castells, Manuel},
  title     = {The Rise of the Network Society},
  year      = {2010},
  publisher = {Wiley-Blackwell}
}

 @book{dicken2015,
  author    = {Dicken, Peter},
  title     = {Global Shift: Mapping the Changing Contours of the World Economy},
  year      = {2015},
  publisher = {Sage Publications}
}

 @book{scholte2005,
  author    = {Scholte, Jan Aart},
  title     = {Globalization: A Critical Introduction},
  year      = {2005},
  publisher = {Palgrave Macmillan}
}

 @article{harvey2009,
  author  = {Harvey, David},
  title   = {The New Imperialism: Accumulation by Dispossession},
  journal = {Socialist Register},
  year    = {2009},
  volume  = {40},
  pages   = {63-87}
}

 @book{keohane2018,
  author    = {Keohane, Robert O.},
  title     = {Power and Governance in a Partially Globalized World},
  year      = {2018},
  publisher = {Routledge}
}

 @book{nye2020,
  author    = {Nye, Joseph S.},
  title     = {Power in the Global Information Age},
  year      = {2020},
  publisher = {Routledge}
}

 @book{giddens2013,
  author    = {Giddens, Anthony},
  title     = {The Consequences of Modernity},
  year      = {2013},
  publisher = {Polity Press}
}

 @book{thorp2012,
  author    = {Thorp, Rosemary and Bertram, Geoffrey},
  title     = {Peru 1890-1977: Growth and Policy in an Open Economy},
  year      = {2012},
  publisher = {Columbia University Press}
}

 @article{bulmer1998,
  author  = {Bulmer-Thomas, Victor},
  title   = {The Economic History of Latin America since Independence},
  journal = {Latin American Research Review},
  year    = {1998},
  volume  = {33},
  number  = {2},
  pages   = {198-221}
}

 @book{sheahan2001,
  author    = {Sheahan, John},
  title     = {La economía peruana desde 1950: buscando una sociedad mejor},
  year      = {2001},
  publisher = {IEP}
}

 @book{wise2003,
  author    = {Wise, Carol},
  title     = {Reinventing the State: Economic Strategy and Institutional Change in Peru},
  year      = {2003},
  publisher = {University of Michigan Press}
}

 @article{pasco2009,
  author  = {Pasco-Font, Alberto},
  title   = {Políticas de estabilización y reformas estructurales: Perú},
  journal = {Serie Reformas Económicas},
  year    = {2009},
  volume  = {66},
  pages   = {1-77}
}

 @book{gonzales2015,
  author    = {Gonzales de Olarte, Efraín},
  title     = {Una economía incompleta: Perú 1950-2007},
  year      = {2015},
  publisher = {PUCP}
}

 @book{abusada2000,
  author    = {Abusada, Roberto and Du Bois, Fritz and Morón, Eduardo and Valderrama, José},
  title     = {La reforma incompleta: rescatando los noventa},
  year      = {2000},
  publisher = {Universidad del Pacífico}
}

 @book{parodi2014,
  author    = {Parodi Trece, Carlos},
  title     = {Perú 1960-2000: Políticas económicas y sociales en entornos cambiantes},
  year      = {2014},
  publisher = {Universidad del Pacífico}
}

 @article{franco2018,
  author  = {Franco, Bruno},
  title   = {Las reformas estructurales peruanas y sus implicaciones en la competitividad},
  journal = {Revista de Análisis Económico},
  year    = {2018},
  volume  = {33},
  number  = {2},
  pages   = {103-128}
}

 @article{vega2019,
  author  = {Vega, Jorge},
  title   = {Análisis del proceso de reformas estructurales en el Perú: 1990-2018},
  journal = {Pensamiento Crítico},
  year    = {2019},
  volume  = {24},
  number  = {1},
  pages   = {167-190}
}

 @book{stiglitz2002,
  author    = {Stiglitz, Joseph E.},
  title     = {Globalization and Its Discontents},
  year      = {2002},
  publisher = {W.W. Norton \& Company}
}

 @article{dancourt2016,
  author  = {Dancourt, Oscar},
  title   = {Las crisis económicas y la política monetaria en el Perú desde 1990},
  journal = {Revista Economía},
  year    = {2016},
  volume  = {39},
  number  = {77},
  pages   = {9-34}
}

 @book{contreras2018,
  author    = {Contreras, Carlos},
  title     = {Historia económica del Perú contemporáneo},
  year      = {2018},
  publisher = {IEP}
}

 @book{parodi2015,
  author    = {Parodi Trece, Carlos},
  title     = {Perú 1995-2012: Cambios y Continuidades},
  year      = {2015},
  publisher = {Universidad del Pacífico}
}

 @article{jimenez2017,
  author  = {Jiménez, Félix},
  title   = {Crecimiento y desindustrialización prematura en Perú},
  journal = {Economía PUCP},
  year    = {2017},
  volume  = {40},
  number  = {79},
  pages   = {9-28}
}

 @book{yamada2019,
  author    = {Yamada, Gustavo and Lavado, Pablo},
  title     = {Educación superior y empleo en el Perú},
  year      = {2019},
  publisher = {Universidad del Pacífico}
}

 @article{garcia2019,
  author  = {García, Norberto E.},
  title   = {Desarrollo económico y estructura productiva en Perú},
  journal = {CEPAL Review},
  year    = {2019},
  volume  = {127},
  pages   = {61-85}
}

 @article{mendoza2020,
  author  = {Mendoza, Waldo},
  title   = {La economía peruana en el contexto internacional},
  journal = {Revista de Estudios Económicos},
  year    = {2020},
  volume  = {39},
  pages   = {9-24}
}

 @book{castillo2018,
  author    = {Castillo, Paul and Montoro, Carlos},
  title     = {Dinámica inflacionaria en el Perú},
  year      = {2018},
  publisher = {BCRP}
}

 @article{seminario2019,
  author  = {Seminario, Bruno},
  title   = {El desarrollo de la economía peruana en la era moderna},
  journal = {Universidad del Pacífico},
  year    = {2019},
  volume  = {1},
  pages   = {15-40}
}

 @book{barrantes2021,
  author    = {Barrantes, Roxana and Cuenca, Ricardo},
  title     = {Metodologías para la investigación económica y social},
  year      = {2021},
  publisher = {IEP}
}

 @article{lopez2020,
  author  = {López, Martha},
  title   = {Métodos mixtos de investigación en economía},
  journal = {Economía y Sociedad},
  year    = {2020},
  volume  = {25},
  number  = {58},
  pages   = {100-120}
}

