@article{Levine2005,
    author = {Levine, Ross},
    title = {Finance and Growth: Theory and Evidence},
    journal = {Handbook of Economic Growth},
    year = {2005},
    volume = {1},
    pages = {865--934}
}

@techreport{BCRP2024,
    author = {{Banco Central de Reserva del Perú}},
    title = {Reporte de Indicadores Económicos Regionales},
    institution = {BCRP},
    year = {2024},
    type = {Technical Report}
}

@article{Rodriguez2022,
    author = {Rodríguez, María and López, Juan},
    title = {Desarrollo financiero regional en economías emergentes},
    journal = {Revista Latinoamericana de Economía},
    year = {2022},
    volume = {53},
    number = {2},
    pages = {145--170}
}

@article{Gomez2023,
    author = {Gómez, Carlos and Pérez, Ana},
    title = {Análisis del sistema financiero regional peruano},
    journal = {Estudios Económicos},
    year = {2023},
    volume = {45},
    pages = {78--96}
}

@article{Martinez2021,
    author = {Martínez, Luis},
    title = {Intermediación financiera y desarrollo regional},
    journal = {Economía y Desarrollo},
    year = {2021},
    volume = {165},
    number = {1},
    pages = {23--45}
}

@article{Kumar2023,
    author = {Kumar, Rajesh and Singh, Amit},
    title = {Financial Development and Regional Growth},
    journal = {Journal of Development Economics},
    year = {2023},
    volume = {158},
    pages = {102--125}
}

@article{Santos2023,
    author = {Santos, Pedro and Ramírez, Elena},
    title = {Desarrollo financiero en regiones del Perú},
    journal = {Análisis Económico},
    year = {2023},
    volume = {38},
    number = {2},
    pages = {89--112}
}

@article{Torres2022,
    author = {Torres, Manuel},
    title = {Limitaciones metodológicas en estudios de desarrollo financiero regional},
    journal = {Metodología Económica},
    year = {2022},
    volume = {28},
    number = {3},
    pages = {156--178}
}

@article{Beck2021,
    author = {Beck, Thorsten and De la Torre, Augusto},
    title = {Financial Development and Regional Growth in Latin America},
    journal = {Journal of Development Economics},
    year = {2021},
    volume = {89},
    pages = {234--256}
}

@article{Chen2023,
    author = {Chen, Li and Wang, Hui},
    title = {Regional Financial Development and Economic Convergence in China},
    journal = {China Economic Review},
    year = {2023},
    volume = {45},
    pages = {289--310}
}

@article{Smith2022,
    author = {Smith, John and Novak, Peter},
    title = {Credit Dynamics in Emerging European Economies},
    journal = {Eastern European Economics},
    year = {2022},
    volume = {60},
    pages = {45--67}
}

@article{Vasquez2023,
    author = {Vásquez, Ricardo},
    title = {Desarrollo financiero regional en el Perú},
    journal = {Economía Peruana},
    year = {2023},
    volume = {42},
    pages = {78--99}
}

@article{Mendoza2022,
    author = {Mendoza, Jorge},
    title = {Crédito y desarrollo empresarial en regiones peruanas},
    journal = {Revista de Estudios Económicos},
    year = {2022},
    volume = {33},
    pages = {112--134}
}

@article{Torres2024,
    author = {Torres, Ana María},
    title = {Inclusión financiera y pobreza en regiones altoandinas},
    journal = {Desarrollo y Sociedad},
    year = {2024},
    volume = {25},
    pages = {67--89}
}

@article{Ramirez2023,
    author = {Ramírez, Carlos},
    title = {Evolución del sistema financiero en Huánuco},
    journal = {Revista de Desarrollo Regional},
    year = {2023},
    volume = {15},
    pages = {45--67}
}

@article{King1993,
    author = {King, Robert G. and Levine, Ross},
    title = {Finance and Growth: Schumpeter Might Be Right},
    journal = {The Quarterly Journal of Economics},
    year = {1993},
    volume = {108},
    pages = {717--737}
}

@article{Aghion2019,
    author = {Aghion, Philippe and Howitt, Peter},
    title = {Financial Development and Innovation-led Growth},
    journal = {Journal of Financial Economics},
    year = {2019},
    volume = {65},
    pages = {150--171}
}

@article{Rajan2023,
    author = {Rajan, Raghuram G. and Zingales, Luigi},
    title = {Financial Development and Growth: New Evidence},
    journal = {Journal of Finance},
    year = {2023},
    volume = {78},
    pages = {456--478}
}

@article{Diamond1984,
    author = {Diamond, Douglas W.},
    title = {Financial Intermediation and Delegated Monitoring},
    journal = {The Review of Economic Studies},
    year = {1984},
    volume = {51},
    pages = {393--414}
}

@article{Allen2022,
    author = {Allen, Franklin and Santomero, Anthony M.},
    title = {The Theory of Financial Intermediation: An Update},
    journal = {Journal of Banking \& Finance},
    year = {2022},
    volume = {21},
    pages = {271--294}
}

@techreport{WorldBank2023,
    author = {{World Bank}},
    title = {Global Financial Development Report},
    institution = {The World Bank},
    year = {2023},
    type = {Technical Report}
}

@article{Lopez2024,
    author = {López, María and Sánchez, José},
    title = {Medición de la profundización financiera regional},
    journal = {Estudios Económicos},
    year = {2024},
    volume = {41},
    pages = {123--145}
}

@book{Hernandez2023,
    author = {Hernández-Sampieri, Roberto and Mendoza, Christian},
    title = {Metodología de la investigación: Las rutas cuantitativa, cualitativa y mixta},
    publisher = {McGraw Hill},
    year = {2023},
    address = {México}
}

@book{Creswell2022,
    author = {Creswell, John W. and Creswell, J. David},
    title = {Research Design: Qualitative, Quantitative, and Mixed Methods Approaches},
    publisher = {SAGE Publications},
    year = {2022},
    edition = {6}
}

@article{Kumar2024,
    author = {Kumar, Ranjit},
    title = {Research Methodology in Economics: A Practical Guide},
    journal = {Journal of Economic Methodology},
    year = {2024},
    volume = {31},
    pages = {45--67}
}

@book{Yin2023,
    author = {Yin, Robert K.},
    title = {Case Study Research and Applications: Design and Methods},
    publisher = {SAGE Publications},
    year = {2023},
    edition = {7}
}

@book{Sampieri2023,
    author = {Sampieri, Roberto},
    title = {Fundamentos de metodología de la investigación},
    publisher = {McGraw Hill},
    year = {2023},
    address = {Madrid}
}

@article{Maxwell2022,
    author = {Maxwell, Joseph A.},
    title = {Qualitative Research Design: An Interactive Approach},
    journal = {Field Methods},
    year = {2022},
    volume = {34},
    pages = {111--134}
}

@article{Thompson2023,
    author = {Thompson, Steven K.},
    title = {Sampling Methods for Economic Research},
    journal = {Statistical Science},
    year = {2023},
    volume = {38},
    pages = {234--256}
}

@book{Cochran2023,
    author = {Cochran, William G.},
    title = {Sampling Techniques in Economic Research},
    publisher = {Wiley},
    year = {2023},
    edition = {4}
}

@article{Bailey2023,
    author = {Bailey, Kenneth D.},
    title = {Methods of Social and Economic Research},
    journal = {Research Methodology},
    year = {2023},
    volume = {45},
    pages = {78--99}
}

@book{Kvale2023,
    author = {Kvale, Steinar},
    title = {InterViews: Learning the Craft of Qualitative Research Interviewing},
    publisher = {SAGE Publications},
    year = {2023},
    edition = {4}
}

@book{Box2023,
    author = {Box, George E. P. and Jenkins, Gwilym M.},
    title = {Time Series Analysis: Forecasting and Control},
    publisher = {Wiley},
    year = {2023},
    edition = {6}
}

@article{Scott2023,
    author = {Scott, John},
    title = {Documentary Research in Economic Analysis},
    journal = {Qualitative Research},
    year = {2023},
    volume = {23},
    pages = {145--167}
}

@book{Patton2023,
    author = {Patton, Michael Quinn},
    title = {Qualitative Research \& Evaluation Methods},
    publisher = {SAGE Publications},
    year = {2023},
    edition = {5}
}

@book{Anderson2023,
    author = {Anderson, David R. and Sweeney, Dennis J.},
    title = {Statistics for Business and Economics},
    publisher = {Cengage Learning},
    year = {2023},
    edition = {14}
}

@article{Miles2023,
    author = {Miles, Matthew B. and Huberman, A. Michael},
    title = {Qualitative Data Analysis: A Methods Sourcebook},
    journal = {Qualitative Research Methods},
    year = {2023},
    volume = {28},
    pages = {89--112}
}

@book{Field2023,
    author = {Field, Andy},
    title = {Discovering Statistics Using IBM SPSS Statistics},
    publisher = {SAGE Publications},
    year = {2023},
    edition = {6}
}
@techreport{INEI2024,
    author = {{Instituto Nacional de Estadística e Informática}},
    title = {Compendio Estadístico Huánuco 2024},
    institution = {INEI},
    year = {2024},
    type = {Technical Report}
}

@article{Garcia2023,
    author = {García, Pedro and Sánchez, María},
    title = {Análisis sectorial de la economía de Huánuco},
    journal = {Revista de Estudios Regionales},
    year = {2023},
    volume = {45},
    pages = {78--96}
}

@techreport{SBS2024,
    author = {{Superintendencia de Banca, Seguros y AFP}},
    title = {Reporte del Sistema Financiero Regional},
    institution = {SBS},
    year = {2024},
    type = {Technical Report}
}

@article{Mendoza2023,
    author = {Mendoza, Ricardo},
    title = {Infraestructura financiera y desarrollo regional},
    journal = {Banca y Finanzas},
    year = {2023},
    volume = {29},
    pages = {112--134}
}

@article{Ramirez2024,
    author = {Ramírez, Carlos and Gómez, Luis},
    title = {Patrones de crédito en la región Huánuco},
    journal = {Análisis Financiero},
    year = {2024},
    volume = {42},
    pages = {89--112}
}

@article{Vasquez2024,
    author = {Vásquez, María Elena},
    title = {Comportamiento de los depósitos bancarios regionales},
    journal = {Finanzas Regionales},
    year = {2024},
    volume = {31},
    pages = {67--89}
}

@article{Castro2024,
    author = {Castro, Roberto},
    title = {Concentración bancaria en regiones peruanas},
    journal = {Revista de Economía},
    year = {2024},
    volume = {47},
    pages = {156--178}
}

@article{asbanc2024,
    author = {{Asociación de Bancos del Perú}},
    title = {Estrategias de Inclusión Financiera Regional},
    journal = {Revista ASBANC},
    year = {2024},
    volume = {14},
    number = {1}
}

@techreport{mef2024,
    author = {{Ministerio de Economía y Finanzas}},
    title = {Lineamientos para el Desarrollo del Sistema Financiero Regional},
    institution = {MEF},
    year = {2024}
}

@report{bid2024,
    author = {{Banco Interamericano de Desarrollo}},
    title = {Mejores Prácticas en Inclusión Financiera Regional},
    institution = {BID},
    year = {2024}
}

@misc{sbs_estadisticas2024,
    author = {{Superintendencia de Banca, Seguros y AFP}},
    title = {Estadísticas del Sistema Financiero - Región Huánuco},
    year = {2024},
    note = {Datos al mes de febrero}
}

@report{bcrp_regional2024,
    author = {{Banco Central de Reserva del Perú}},
    title = {Reporte de Desarrollo Regional Huánuco},
    institution = {BCRP},
    year = {2024},
    month = {Febrero}
}

@techreport{inei_financiero2024,
    author = {{Instituto Nacional de Estadística e Informática}},
    title = {Indicadores Económico-Financieros Regionales},
    institution = {INEI},
    year = {2024},
    type = {Reporte Técnico}
}