@book{cepal2020,
  author = {CEPAL},
  year = {2020},
  title = {Informe sobre la sociedad digital en América Latina y el Caribe},
  publisher = {Comisión Económica para América Latina y el Caribe},
  address = {Santiago de Chile}
}

@article{sanchez2021,
  author = {Sánchez, L. and Pérez, M.},
  year = {2021},
  title = {Impacto de la brecha digital en estudiantes universitarios de México y Colombia},
  journal = {Revista de Estudios Latinoamericanos},
  volume = {15},
  pages = {22--39}
}

@book{inei2022,
  author = {INEI},
  year = {2022},
  title = {Acceso y uso de las TIC en el Perú: Informe estadístico},
  publisher = {INEI},
  address = {Lima}
}

@article{vasquez2021,
  author = {Vásquez, A. and Gómez, J.},
  year = {2021},
  title = {Impacto de la brecha digital en estudiantes universitarios durante la pandemia},
  journal = {Revista Peruana de Educación Superior},
  volume = {9},
  number = {1},
  pages = {22--39}
}

@report{dreh2023,
  author = {DREH},
  year = {2023},
  title = {Informe anual de acceso a TIC en instituciones educativas de Huánuco},
  institution = {Dirección Regional de Educación de Huánuco},
}

@book{coll2021,
  author = {Coll, C. and Monereo, C.},
  year = {2021},
  title = {La educación en la era digital: retos y oportunidades},
  publisher = {Editorial Graó},
  address = {Barcelona}
}

@book{ferrari2013,
  author = {Ferrari, A. and Punie, Y., and Redecker, C.},
  year = {2013},
  title = {DIGCOMP: A Framework for Developing and Understanding Digital Competence in Europe},
  publisher = {Joint Research Centre of the European Commission},
  address = {Seville}
}

@book{unesco2019,
  author = {UNESCO},
  year = {2019},
  title = {Informe Mundial de Educación Inclusiva: Tecnologías para el aprendizaje},
  publisher = {UNESCO},
  address = {París}
}

@book{vandijk2020,
  author = {Van Dijk, J.},
  year = {2020},
  title = {The Digital Divide: A Multidimensional Approach to Inequality in Digital Societies},
  publisher = {Polity Press},
  address = {Cambridge}
}
