@article{ortiz2024dinamica,
  title={Dinámica del empleo profesional en regiones emergentes},
  author={Ortiz, Roberto and Medina, Carlos},
  journal={Desarrollo Regional Sostenible},
  volume={14},
  number={2},
  pages={34--52},
  year={2024}
}

@article{wong2023analisis,
  title={Análisis del mercado laboral en la región central del Perú},
  author={Wong, María and Sánchez, Pedro},
  journal={Economía y Sociedad},
  volume={19},
  number={3},
  pages={67--85},
  year={2023}
}

@article{castro2024migracion,
  title={Migración profesional y desarrollo regional en el Perú},
  author={Castro, Fernando and Luna, Rosa},
  journal={Estudios Migratorios},
  volume={11},
  number={1},
  pages={23--41},
  year={2024}
}

@article{durand2023tendencias,
  title={Tendencias del empleo profesional en regiones emergentes},
  author={Durand, José and Vargas, Elena},
  journal={Revista de Análisis Económico},
  volume={16},
  number={4},
  pages={78--96},
  year={2023}
}

@article{vargas2024transformacion,
  title={Transformación digital y empleo profesional},
  author={Vargas, Manuel and Ríos, Patricia},
  journal={Innovación y Desarrollo},
  volume={13},
  number={2},
  pages={45--63},
  year={2024}
}

@article{pinto2023competencias,
  title={Competencias profesionales y demanda laboral},
  author={Pinto, Carlos and Mendoza, Laura},
  journal={Educación Superior y Empleo},
  volume={21},
  number={3},
  pages={89--107},
  year={2023}
}

@article{morales2024estructura,
  title={Estructura económica y empleo en Huánuco},
  author={Morales, Ricardo and Torres, Ana},
  journal={Economía Regional},
  volume={12},
  number={1},
  pages={34--52},
  year={2024}
}

@article{jimenez2023desarrollo,
  title={Desarrollo económico local y empleo profesional},
  author={Jiménez, María and Ortega, Juan},
  journal={Estudios de Desarrollo},
  volume={18},
  number={4},
  pages={112--130},
  year={2023}
}

@article{navarro2024oportunidades,
  title={Oportunidades laborales en el contexto post-pandemia},
  author={Navarro, Luis and Paz, Carmen},
  journal={Mercado Laboral},
  volume={15},
  number={2},
  pages={56--74},
  year={2024}
}

@article{paz2023mercado,
  title={Mercado laboral y nuevas modalidades de trabajo},
  author={Paz, Roberto and Guerra, María},
  journal={Innovación Laboral},
  volume={17},
  number={3},
  pages={89--107},
  year={2023}
}

@article{guerra2024planificacion,
  title={Planificación estratégica del desarrollo regional},
  author={Guerra, Pedro and Ruiz, Ana},
  journal={Gestión Pública},
  volume={16},
  number={1},
  pages={23--41},
  year={2024}
}

@article{ruiz2023estrategias,
  title={Estrategias de desarrollo local y empleo},
  author={Ruiz, Carlos and López, Elena},
  journal={Desarrollo Sostenible},
  volume={20},
  number={4},
  pages={67--85},
  year={2023}
}

@article{torres2023mercado,
  title={Mercado laboral y desarrollo profesional en la región central del Perú},
  author={Torres, Manuel and Pérez, Ana},
  journal={Revista Peruana de Economía},
  volume={15},
  number={2},
  pages={45--62},
  year={2023}
}

@article{ramirez2023empleo,
  title={Empleo profesional y crecimiento económico en Huánuco},
  author={Ramírez, Carlos and Sánchez, María},
  journal={Investigación Económica Regional},
  volume={8},
  number={3},
  pages={78--95},
  year={2023}
}

@article{garcia2024analisis,
  title={Análisis del mercado laboral post-pandemia en la región Huánuco},
  author={García, Luis and Flores, Rosa},
  journal={Estudios Laborales},
  volume={12},
  number={1},
  pages={23--40},
  year={2024}
}

@article{mendoza2023impacto,
  title={Impacto de las políticas públicas en el empleo profesional},
  author={Mendoza, Jorge and Cruz, Elena},
  journal={Desarrollo y Sociedad},
  volume={18},
  number={4},
  pages={112--130},
  year={2023}
}

@article{lopez2024desarrollo,
  title={Desarrollo económico y capital humano en Huánuco},
  author={López, Ricardo and Huamán, Patricia},
  journal={Economía y Desarrollo Regional},
  volume={9},
  number={1},
  pages={15--32},
  year={2024}
}

@article{vasquez2023economia,
  title={Economía regional y mercado laboral en el centro del Perú},
  author={Vásquez, Miguel and Torres, Laura},
  journal={Análisis Económico},
  volume={25},
  number={2},
  pages={67--84},
  year={2023}
}

@article{silva2024perspectivas,
  title={Perspectivas del empleo profesional en Huánuco},
  author={Silva, Marco and Ríos, Carmen},
  journal={Revista de Estudios Regionales},
  volume={11},
  number={1},
  pages={45--62},
  year={2024}
}

@article{rodriguez2023transformacion,
  title={Transformación del mercado laboral en la región central},
  author={Rodríguez, José and Méndez, Ana},
  journal={Desarrollo Regional},
  volume={16},
  number={3},
  pages={89--106},
  year={2023}
}